%%%%%%%%%%%%%%%%%%%%%%%%%%%%%%%%%%%%%%%%%%%%%
% Source :
% https://latex-tutorial.com/tutorials/bibtex/
% Source: 
% https://fr.overleaf.com/learn/latex/Bibliography_management_with_bibtex
%%%%%%%%%%%%%%%%%%%%%%%%%%%%%%%%%%%%%%%%%%%%%%


@book{TakaoSaidur,
	author = {{Takao,Saidur}},
	year = {2017},
	title = {Planar graph drawing },
	publisher = {World Scientific Publishing Co. Pte. Ltd.},
	NOTE = {Consulté Novembre 2022}
}

@book{PhilippKindermann,
	author = {P. Kindermann},
	title = {Planar Straight-Line Drawings I: Canonical Order \& Shift Method},	
	year = {2010},	
	NOTE = {Consulté Mars 2022 - url : \url{https://seafile.rlp.net/f/57a4d71cdf114a3dbbf0/} }
}

@article{ChrobakPayne,
	author = {{M. Chrobak and T. H. Payne}},
	title = {A linear-time algorithm for drawing a planar graph on a grid},
	year = {1995},
	publisher = {Information Processing Letters, 54, pp. 241-246},
	NOTE = {Consulté novembre 2023}
}

@book{FraysseixPachPollack,
	author = {{De Fraysseix, Pach et Pollack}},
	title = {How to draw a planar graph on a grid},
	year = {1990},
	publisher = {Combinatorica, 10(1), 41-51. doi: 10.1007/BF02125347.},
	NOTE = {Consulté Janvier 2023}
}
	
@phdthesis{fusy2007combinatoire,
  title = {Combinatoire des cartes planaires et applications algorithmiques},
  author = {Fusy, Éric},
  year = {2007},
  school = {Thèse de doctorat, Université de Marne-la-Vallée},
  url = {https://www.google.com/url?sa=t&rct=j&q=&esrc=s&source=web&cd=&cad=rja&uact=8&ved=2ahUKEwia64fhlOf_AhUGjaQKHTNZCy8QFnoECBgQAQ&url=https%3A%2F%2Figm.univ-mlv.fr%2F~fusy%2FTalks%2Fthesis_presentation.pdf&usg=AOvVaw2RG5OYHkgTFkZVGiJ0JoF7&opi=89978449}
}
