@misc{PortieMenyr,
	author = {{B Portie, J-M Menyr}},
	title = {Qu'est-ce qu'un graphe ?},
	year = {},
	howpublished = {en ligne},
	note = {Consulté février 2023 - \url{https://math.univ-lyon1.fr/irem/Formation_ISN/formation_parcours_graphes/graphe/1_notion_graphe.html}}
}

@misc{mehl,
	author       = {S. Mehl},
	title        = {Les graphes},
	howpublished = {en ligne},
	year = {},
	note         = {Consulté le 12 octobre 2022 - \url{http://serge.mehl.free.fr/anx/Th_graphes.html#adj}}
}

@book{ChristianLaforest,
	author = {C. Laforest},
	year = {2017},
	title = {À la découverte des graphes et des algorithmes de graphes},
	publisher = {Consulté Janvier 2023 EDP-sciences}
}

@phdthesis{belbeze2012,
	author = {{Belbèze, Christian}},
	title = {Agrégats de mots sémantiquement cohérents issus d'un grand graphe de terrain},
	school = {Université Toulouse 1 Capitole (UT1 Capitole)},
	year = {2012},
	month = {4},
	note = {Thèse de doctorat en Informatique},
}


@book{TakaoSaidur,
	author = {{N. Takao, R. Saidur}},
	year = {2017},
	title = {Planar graph drawing },
	publisher = {World Scientific Publishing Co. Pte. Ltd.},
	NOTE = {Consulté Novembre 2022}
}

@book{Bondy-Murty,
	author = {{J.A. Bondy and U.S.R. Murty}},
	year = {2008},
	title = {Théorie des Graphes},
	publisher = {Traduit de l’anglais par F. Havet},
	NOTE = {Consulté Octobre 2022 - url : \url{https://www-sop.inria.fr/members/Frederic.Havet/Traduction-Bondy-Murty.pdf}}
}

@book{MathieuSablik,
	author = {{M. Sablik}},
	title = {GRAPHE ET LANGAGE},
	year = {},
	NOTE = {Consulté Novembre 2022 - url : \url{https://www.math.univ-toulouse.fr/~msablik/CoursIUT/Graphe/GrapheNotes.pdf}}
}

@book{MatousekNesetril,
	author = {{J. Matousek et J. Nesetril}},
	year = {2010},
	title = {Introduction aux mathématiques discrètes},
	NOTE = {Consulté Mars 2023 - Université Charles, Département de mathématiques appliquées et institut d'informatique théorique, Prague.}
}

@book{RDiestel,
	author = {{R. Diestel}},
	year = {2005},
	publisher = {Springer},
	title = {Graph Theory},
	NOTE = {Consulté Novembre 2022}
}

@book{west2001introduction,
	title={Introduction to Graph Theory},
	author={{West, Douglas B.}},
	edition={2},
	year = {2001},
	publisher={Prentice Hall},
	address={Urbana},
	NOTE = {2001, isbn=81-7808-830-4, University of Illinois, Consulté Mars 2023}
}


@book{DieterJungnickel,
	author = {D. Jungnickel},
	year = {2003},
	publisher = {Springer},
	title = {Graphs, Networks and Algorithms},
	NOTE = {Consulté Decembre 2022}
}

@book{HasslerWhitney,
	author = {H. Whitney},
	year = {1933},
	title = {Congruent Graphs and the Connectivity of Graphs},
	NOTE = {Consulté Mars 2023}
}


@book{BRSG,
	author = {{Bennett, Ryall, Spaltzerholz et Gooch}},
	year = {2007},
	title = {The Aesthetics of Graph Visualization},
	NOTE = {Consulté fevrier 2023}
}

@book{PhilippKindermann,
	author = {P. Kindermann},
	title = {Planar Straight-Line Drawings I: Canonical Order \& Shift Method},	
	year = {2010},	
	NOTE = {Consulté Mars 2022 - url : \url{https://seafile.rlp.net/f/57a4d71cdf114a3dbbf0/} }
}

@book{Tutte,
	author = {W. T. Tutte},
	title = {How to draw a graph},
	year = {1963},
	publisher = {Proceedings of the London Mathematical Society},
	NOTE = {Consulté fevrier 2023}
}

@book{FraysseixPachPollack,
	author = {{De Fraysseix, Pach et Pollack}},
	title = {How to draw a planar graph on a grid},
	year = {1990},
	publisher = {Combinatorica, 10(1), 41-51. doi: 10.1007/BF02125347.},
	NOTE = {Consulté Janvier 2023}
}

@article{Schnyder,
	author = {{W. Schnyder}},
	title = {Embedding planar graphs on the grid},
	year = {1990},
	publisher = {Proceedings of the 1st Annual ACM-SIAM Symposium on Discrete Algorithms (pp. 138-148). doi:10.1145/72881.72890.},
	NOTE = {Consulté Janvier 2023}
}

@article{Freeman,
	author = {{Freeman, R. L.}},
	title = {Electronic System Design: Interference and Noise Control Techniques},
	year = {1991},
	publisher = {Prentice-Hall.},
	NOTE = {Consulté decembre 2022}
}

@article{BattistaTamassia,
	author = {{Di Battista, G., Tamassia, R.}},
	title = {Algorithms for plane representations of acyclic digraphs},
	year = {1989},
	publisher = {Theor. Comput. Sci. 61 (2–3), 175–198.},
	NOTE = {Consulté decembre 2022}
}

@article{TodeschiniConsonni,
	author = {{Todeschini, R., Consonni, V.}},
	title = {Molecular Descriptors for Chemoinformatics},
	year = {2009},
	publisher = {Wiley},
	NOTE = {Consulté decembre 2022}
}

@article{Wang,
	author = {Wang, H.},
	title = {Graph Theory and Interconnection Networks},
	year = {2008},
	publisher = {CRC Press},
	NOTE = {Consulté decembre 2022}
}

@article{BalakrishnanRanganathan,
	author = {{Balakrishnan, A., Ranganathan, K.}},
	title = {Graph Theory and Its Applications},
	year = {2018},
	publisher = {CRC Press},
	NOTE = {Consulté decembre 2022}
}

@book{Wag36,
	author = {{De Fraysseix, Pach, Pollack}},
	title = {How to draw a planar graph on a grid},
	year = {1990},
	publisher = {Combinatorica, 10(1), 41-51. doi: 10.1007/BF02125347.},
	NOTE = {Consulté Janvier 2023}
}

@article{Wagner,
	author = {K. Wagner},
	title = {Bemerkungen zum vierfarbenproblem},
	year = {1936},
	publisher = {Jahresber. Deutsch. Math-Verien., 46, pp. 26-32},
	NOTE = {Consulté decembre 2023}
}

@article{Fary,
	author = {I. Fary},
	title = {On straight line representations of planar graphs},
	year = {1948},
	publisher = {Math. Szeged, 11, pp. 229-233},
	NOTE = {Consulté decembre 2023}
}

@article{Stein,
	author = {K. S. Stein},
	title = {Convex maps},
	year = {1951},
	publisher = {Proc. Amer Math. Soc, 2, pp. 464-466},
	NOTE = {Consulté novembre 2023}
}

@article{ChrobakNakano,
	author = {{M. Chrobak and S. Nakano}},
	title = {Minimum-width grid drawings of plane graphs},
	year = {1998},
	publisher = {Comp. Geom. Theory and Appl., 11, pp. 29-54},
	NOTE = {Consulté novembre 2023}
}

@article{ChrobakPayne,
	author = {{M. Chrobak and T. H. Payne}},
	title = {A linear-time algorithm for drawing a planar graph on a grid},
	year = {1995},
	publisher = {Information Processing Letters, 54, pp. 241-246},
	NOTE = {Consulté novembre 2023}
}



@incollection{VismaraTamassia,
	author       = {L. Vismara},
	editor       = {R. Tamassia},
	title        = {Planar Straight-Line Drawing Algorithms},
	booktitle    = {Handbook on Graph Drawing and Visualization},
	pages        = {193--222},
	publisher    = {Chapman and Hall/CRC},
	year         = {2013},
	NOTE	     = {Wed, 12 Jul 2017 09:11:51 +0200, https://dblp.org/rec/reference/crc/Vismara13.bib, dblp computer science bibliography, https://dblp.org}
}


@inproceedings{EppsteinGansnerEmden,
	author    = {{Eppstein, D. and Gansner, Emden R.}},
	title     = {Leftist Canonical Ordering},
	booktitle = {Graph Drawing},
	editor    = {Eppstein, David and Gansner, Emden R.},
	year      = {2010},
	publisher = {Springer Berlin Heidelberg},
	series    = {Lecture Notes in Computer Science},
	volume    = {5849},
	pages     = {159-170},
	isbn      = {978-3-642-11804-3},
	doi       = {10.1007/978-3-642-11805-0_16},
	url       = {https://dx.doi.org/10.1007/978-3-642-11805-0_16}
}


@article{schnyder1989planar,
  title = {Planar graphs and poset dimension},
  author = {{Schnyder, Walter}},
  journal = {Order},
  volume = {5},
  number = {4},
  pages = {323--343},
  year = {1989},
  doi = {10.1007/BF00353652}
}


@article{bhasker1988linear,
  title = {A linear algorithm to find a rectangular dual of a planar triangulated graph},
  author = {{Bhasker, Jayaram and Sahni, Sartaj}},
  journal = {Algorithmica},
  volume = {3},
  number = {1-4},
  pages = {247--278},
  year = {1988},
  doi = {10.1007/BF01762117}
}
